@article{carverhill1990average,
  title={Valuing Average Rate (Asian) Options},
  author={Carverhill, A. P. and Clewlow, L. J},
  journal={Risk},
  volume={3},
  pages={33--36},
  year={1990}
}

@inproceedings{benhamou2000fast,
  title={Fast Fourier transform for discrete Asian options},
  author={Benhamou, Eric},
  booktitle={EFMA 2001 Lugano Meetings},
  year={2000}
}

@article{levy1992pricing,
  title={Pricing European average rate currency options},
  author={Levy, Edmond},
  journal={Journal of International Money and Finance},
  volume={11},
  number={5},
  pages={474--491},
  year={1992},
  publisher={Elsevier}
}

@article{turnbull1991quick,
  title={A quick algorithm for pricing European average options},
  author={Turnbull, Stuart M and Wakeman, Lee Macdonald},
  journal={Journal of financial and quantitative analysis},
  volume={26},
  number={3},
  pages={377--389},
  year={1991},
  publisher={Cambridge University Press}
}

@article{kemna1990pricing,
  title={A pricing method for options based on average asset values},
  author={Kemna, Angelien GZ and Vorst, Antonius CF},
  journal={Journal of Banking \& Finance},
  volume={14},
  number={1},
  pages={113--129},
  year={1990},
  publisher={Elsevier}
}

@article{lorenzo2011pricing,
  title={Pricing Asian options in affine Garch models},
  author={Lorenzo, Mercuri},
  journal={International Journal of Theoretical and Applied Finance},
  volume={14},
  number={02},
  pages={313--333},
  year={2011},
  publisher={World Scientific}
}

@article{zhu2015model,
  title={Model-based pricing for financial derivatives},
  author={Zhu, Ke and Ling, Shiqing},
  journal={Journal of Econometrics},
  volume={187},
  number={2},
  pages={447--457},
  year={2015},
  publisher={Elsevier}
}